2776 4752
222 949 964 1066 -sPRAEFATI'Q

519 1181 810 1212 -ᾑ-ι

128 1385 290 1561 Quae
313 1439 365 1514 in
381 1439 548 1518 Horatio
569 1455 674 1518 recta
688 1433 987 1542 interpretando
1010 1437 1181 1516 rationes
1250 1517 1260 1526 ,

137 1551 356 1652 ineundae
366 1573 642 1666 iudicaverim,
667 1603 844 1676 quasque
862 1573 944 1678 ipso
960 1599 1080 1676 opera
1096 1595 1185 1652 mea

142 1707 294 1811 alloqui
326 1727 492 1787 conatus
521 1709 609 1801 fim,
639 1701 855 1812 diligenter
876 1737 897 1784 a
921 1735 984 1784 me
1006 1711 1051 1784 in
1073 1729 1189 1808 prae·

145 1843 327 1934 latione,
358 1845 488 1944 priori
504 1853 635 1924 Tomo
653 1845 842 1950 praefixa,
876 1839 1101 1946 expolitum
1118 1837 1185 1918 esta

148 1978 280 2080 Atque
306 1977 479 2055 eandem
500 1983 546 2058 in
573 1983 842 2060 dilucidandis
868 1981 1053 2080 reliquie,
1082 1997 1187 2075 quaa

153 2115 250 2190 alter
262 2115 334 2191 hic
353 2121 507 2194 Tomus
526 2121 825 2224 complectitur,
866 2117 1023 2192 Horatii
1047 2111 1186 2188 carmi·

150 2249 280 2326 nibus
290 2251 432 2351 lyricis
452 2255 563 2331 viam
579 2271 690 2332 tanto
712 2257 848 2330 minua
869 2247 1042 2328 inlistere
1067 2245 1187 2322 dubi·

154 2387 260 2474 tavi,
291 2409 374 2486 quo
394 2389 519 2490 magis
538 2392 583 2464 in
601 2389 684 2468 dies
698 2376 777 2466 ulu
796 2405 835 2462 et
849 2385 1090 2490 experientia
1106 2405 1189 2456 mu·

105 2545 111 2552 ·
156 2518 275 2618 gistra
291 2522 517 2624 intelligere
528 2525 632 2600 mihi
645 2523 755 2601 visus
768 2523 876 2612 sum,
906 2536 1103 2622 quantum
1119 2514 1189 2590 ad-

155 2655 332 2732 iumenti
345 2659 434 2734 talis
456 2662 653 2736 accuratio
671 2660 910 2736 liberalioris
924 2655 1074 2732 indolis
1094 2649 1191 2726 ado·

157 2787 398 2870 lescentibus
417 2791 671 2900 suppeditare
690 2793 813 2897 pollit.
890 2797 1077 2900 Quorum
1102 2787 1192 2888 qui·
1219 2821 1224 2832 ·
1316 2893 1318 2900 Ι

160 2901 252 3001 dem
266 2927 512 3027 potiffimum
530 2927 751 3006 commodis
766 2955 830 3024 me
847 2925 1102 3030 prospectum
1116 2947 1193 2997 vo·

159 3057 274 3134 luille
288 3062 321 3135 ii
337 3063 617 3154 meminerint,
648 3067 801 3166 quime
824 3062 1030 3140 interdum
1053 3058 1190 3156 copio-

128 3164 304 3271 ⁴srorem
329 3222 374 3271 ac
402 3194 513 3274 forte'
528 3202 703 3275 nimium
729 3203 774 3275 in
801 3195 1057 3299 explanandis
1079 3207 1119 3266 et
1141 3169 1192 3268 ad

161 3331 371 3432 vulgarem
396 3331 594 3433 loquendi
621 3337 817 3413 rationem
845 3310 1081 3409 revocandis
1111 3325 1194 3406 for·

160 3467 233 3541 mis
246 3467 421 3568 poeticis
438 3467 737 3570 deprehendant
744 3499 756 3563 ;
782 3488 870 3548 tum
885 3467 993 3544 illud
1005 3469 1055 3543 iis
1068 3467 1193 3542 maxi-
1217 3565 1220 3571 λ
1268 3536 1271 3547 .

159 3625 222 3677 me
238 3605 345 3704 locis
362 3601 517 3680 factum
535 3603 608 3680 effe
634 3611 828 3708 cogitent,
857 3605 929 3680 ubi
952 3605 1021 3678 vel
1046 3601 1194 3678 exerci-

157 3740 345 3816 utiorem
367 3739 545 3840 aliquem
568 3740 776 3842 haesitare,
813 3741 881 3816 vel
905 3735 1036 3840 spillas
1059 3737 1107 3810 ab
1130 3735 1194 3808 in·

154 3876 403 3980 terpretibus
435 3877 680 3978 argutiarum
712 3879 841 3956 nubes
875 3873 1063 3955 meridiei
1086 3879 1199 3988 pra'e·

154 3984 274 4096 textas
293 4011 671 4106 animadverterim.
805 3989 808 3993 ¹

81 3565 127 3636 tl

759 4171 783 4222 ὕ
826 4257 836 4266 ⁶
1097 4159 1206 4238 Illud
