2762 4746
320 36 337 67 Χ

286 285 368 376 634
471 297 473 313 ¹
582 306 621 390 Q
660 288 835 362 nonrrrr
869 307 1019 362 moer·

282 453 391 582 Quid
420 467 607 578 proderat
627 479 759 556 ditalle
782 484 960 586 Pelignus
981 511 1093 578 anua,

281 613 519 690 velociusve
544 613 737 696 miscuiffe
758 621 964 696 toxicum?

282 746 359 823 Sed
381 749 554 828 tardiora
581 750 658 826 fata
685 768 723 826 te
747 755 851 830 votis
871 771 1051 832 manent:

279 881 433 980 Ingrata
454 885 597 964 misero
621 891 704 966 vita
733 859 915 968 ducenda
940 889 1013 980 est,
1043 892 1088 968 in
1114 891 1208 984 hoc,

278 1015 411 1096 Novis
437 1035 483 1096 ut
507 1047 633 1126 usque
654 1020 835 1128 suppetas
859 1024 1078 1140 doloribus.

430 1157 435 1167 '
1046 1171 1049 1183 ¹
1124 1227 1132 1248 x
1181 1165 1303 1263 Optat

276 1403 311 1489 ab
329 1436 475 1510 Esquilino
490 1456 603 1504 monte,
632 1442 683 1499 ubi
704 1443 769 1500 artie
804 1443 905 1508 dicite,
922 1443 1064 1520 quomodo
1072 1463 1179 1500 venena
1187 1442 1305 1500 relocil-

276 1522 337 1576 iriae
357 1522 561 1588 iustrumenta„
572 1527 656 1602 idque
677 1547 772 1603 apau-
804 1531 904 1584 simeln
921 1529 1097 1584 efficaciffima
1111 1529 1233 1604 paranda
1242 1533 1301 1584 stur.

186 1664 192 1686 Ι
275 1625 375 1680 perum
394 1609 532 1682 sepulcris,
553 1613 716 1684 conquirere
732 1615 771 1667 io·
803 1615 903 1693 Neque
921 1630 1012 1687 temen
1034 1632 1201 1692 magnopere
1218 1615 1303 1666 refra-

275 1687 486 1750 lebatCanidir.
528 1695 601 1758 Vide
614 1695 661 1752 vel
682 1700 768 1752 Serm.
803 1697 898 1776 gaber,
915 1699 1011 1771 liquis
1026 1698 1060 1752 ad
1075 1700 1157 1774 ipsam
1172 1716 1233 1750 reni
1250 1713 1302 1750 tra·
1368 1743 1369 1746 ,

158 1809 162 1817 ·
275 1780 298 1832 1.
314 1789 344 1848 8.
803 1783 870 1837 bere
897 1782 986 1844 velit,
1026 1797 1058 1837 ut
1079 1785 1127 1836 fit:
1163 1781 1300 1854 itabvero

758 1937 762 1945 ⁸
804 1887 915 1923 ornnem
946 1886 1036 1922 meam
1065 1865 1209 1941 perderem
1237 1885 1298 1940 ope·

261 1981 266 1992 ·
295 1969 338 2002 ·v.
356 1947 404 2002 60.
421 1953 575 2024 Quemnam
589 1949 712 2004 fructum
729 1969 770 2003 ar·
802 1971 877 2014 rarn,
912 1953 942 2006 in
964 1967 991 2006 te
1016 1950 1159 2030 deligendo
1183 1949 1300 2004 colloce-

98 2097 104 2108 ,
165 2085 171 2100 s
275 2033 311 2088 tie
332 2052 425 2094 meae,
453 2033 608 2111 aPelignis
636 2026 704 2111 legii
728 2036 768 2087 in·
803 2033 888 2091 tam.'
918 2035 1058 2091 sollennia
1078 2051 1170 2090 autem
1190 2031 1298 2107 miseere

248 2107 350 2186 'genti
374 2117 435 2170 data
456 2117 582 2170 mercede
597 2118 670 2172 mihi
686 2119 769 2172 tradi·
802 2107 918 2182 veneria,
939 2121 1055 2195 pocula,
1081 2117 1116 2171 de.
1132 2133 1188 2171 arce
1210 2118 1298 2194 magi-

274 2215 332 2261 tae,
353 2201 469 2260 ferrem,
496 2201 585 2254 srlroc
600 2201 654 2255 tibi
671 2205 706 2256 src
722 2203 767 2256 ab·
800 2203 1032 2262 caacveneliciis.
1052 2233 1094 2246 -·-
1114 2191 1297 2276 Opponiiere

234 2286 237 2298 ’
270 2285 312 2338 ire
326 2295 444 2358 paterer,
464 2285 515 2340 nio
530 2304 559 2338 ea
575 2301 601 2339 te
616 2283 768 2348 ulciscerer,
800 2303 901 2363 putant
917 2291 1033 2346 velocius
1049 2301 1077 2342 et
1089 2287 1216 2345 tardiora,
1241 2285 1296 2340 hoe

271 2385 305 2424 nt
326 2388 361 2424 ne
382 2369 499 2443 impune
518 2371 547 2422 in
571 2389 615 2424 me
637 2367 764 2424 illuserit.
799 2375 890 2428 sensu:
925 2373 985 2428 noli
1000 2386 1108 2431 tamen,
1134 2371 1201 2444 quia
1223 2371 1296 2424 velo·

266 2459 314 2514 Jta
335 2454 464 2528 equidem
490 2454 650 2508 sententiam
679 2453 708 2508 b.
734 2473 763 2508 v.
798 2462 854 2514 eius
869 2457 939 2519 dixi,
966 2457 1079 2512 brevem
1092 2455 1167 2510 riitae
1184 2455 1293 2508 exitum

272 2539 401 2597 consumi
414 2537 511 2592 debere
525 2537 660 2592 existimo.
710 2539 765 2592 111-
799 2543 919 2615 sperare,
939 2541 990 2614 qni
1004 2542 1060 2594 cito
1075 2555 1101 2594 te
1116 2558 1131 2590 a
1146 2540 1293 2592 tormentit

271 2623 318 2678 bet
326 2620 552 2678 veromarifalie
561 2621 763 2696 utplurimum,
799 2623 907 2702 eripiar„
947 2626 1013 2684 Vita
1034 2623 1088 2678 tibi
1101 2623 1292 2678 etiaminviro

268 2707 347 2780 quod
386 2705 530 2764 Canidiam
573 2706 606 2760 ad
639 2705 764 2784 Pelignus
798 2709 983 2784 producetur,
1006 2724 1038 2762 ut
1061 2707 1169 2761 diutina
1191 2707 1293 2760 cancie-

267 2811 335 2848 artua
350 2787 502 2870 confugille
521 2789 762 2865 perhibert‚rrnde
795 2795 850 2856 rie,
879 2795 922 2848 uri
944 2791 1035 2846 Bentl.
1067 2789 1187 2871 expedit.
1238 2788 1292 2844 Sed

267 2893 339 2940 aerea
354 2877 488 2954 magicae.
517 2889 549 2928 ut
565 2889 698 2928 amatores
712 2872 761 2932 fibi
795 2878 839 2932 uri
866 2877 900 2933 ab
930 2867 1218 2952 interpretationem
1241 2873 1290 2928 61.

266 2961 441 3021 conciliaret,
481 2978 583 3037 magno
603 2959 694 3032 pretio
717 2957 761 3011 ad·
793 2962 887 3036 priore
916 2961 978 3014 loco
1006 2962 1145 3035 proposita
1165 2957 1291 3012 standum

265 3047 388 3101 disceret.
446 3043 521 3104 Alii,
565 3063 596 3096 ac
616 3041 760 3117 Bentleiue
794 3045 937 3108 existimo;
980 3045 1018 3100 ita
1046 3043 1128 3098 latius
1158 3041 1289 3104 arbitror,

264 3131 349 3192 adeo,
376 3127 501 3208 Pelignat
522 3145 607 3188 anua.
627 3131 759 3203 Saganam
794 3128 972 3203 complexum
999 3129 1073 3180 hunc
1093 3127 1289 3182 sententiarum

263 3231 293 3273 et
311 3215 409 3272 Veiam
432 3213 610 3296 intelligunt,
639 3229 757 3282 quarum
792 3215 885 3268 animo
906 3213 1074 3267 informare:
1104 3212 1202 3265 irritae
1226 3226 1289 3265 tuae

196 3355 198 3360 ,
255 3299 400 3364 ¹auxilium
416 3299 447 3354 in
459 3296 686 3374 defigendoVoro
702 3313 758 3348 ma·
791 3317 884 3372 preces
903 3299 980 3358 sunt,
1013 3295 1211 3369 quibuesnrem
1228 3314 1289 3348 cru·

263 3403 320 3456 gno
345 3384 393 3438 fibi
416 3382 508 3456 pretio
530 3380 645 3438 Canidia
666 3379 758 3431 'couci-
790 3383 913 3436 ciatuum
931 3381 1056 3454 quaerie;
1088 3397 1158 3452 quos
1174 3380 1289 3452 quidem

218 3495 223 3507 ·
261 3453 391 3531 iuverim
435 3473 536 3541 parurn
563 3462 755 3538 probabiliter.
790 3468 829 3521 itt
842 3465 983 3520 intendam
998 3483 1028 3518 ao
1048 3463 1225 3540 protraham,
1255 3477 1288 3516 ut

245 3551 376 3609 'Pellrme
406 3567 499 3606 autem
527 3549 695 3605 Torrentius
722 3547 753 3599 ad
790 3552 865 3604 vitae
883 3549 1095 3605 diuturnitatem
1111 3550 1285 3604 inculaturut

261 3626 545 3696 Vaiumreferr,hoc
564 3634 653 3688 sensu:
674 3629 757 3686 Nihil
791 3636 841 3694 fis,
875 3653 957 3708 quam
986 3650 1092 3692 tamen,
1124 3631 1171 3686 vel
1192 3632 1285 3686 invito

262 3723 315 3778 tibi
330 3720 476 3796 profuerit.
497 3721 569 3797 ligas
586 3712 755 3776 conduxisse,
785 3717 859 3778 ubi,
892 3717 970 3774 unire
992 3717 1023 3770 in
1049 3718 1124 3771 bunc
1135 3717 1218 3770 finem
1234 3717 1283 3771 ier·

229 3792 234 3811 l
260 3827 329 3880 quae
358 3820 385 3859 te
410 3824 425 3860 a
446 3805 517 3878 peste
543 3802 590 3856 illa
619 3799 753 3862 liberenrr
788 3802 878 3864 vobo,
915 3803 1049 3862 utnon-ia
1071 3820 1159 3873 usque
1180 3800 1284 3854 dolori-

257 3909 326 3966 quae
342 3889 436 3944 cadem
457 3887 513 3948 lene
533 3885 687 3942 Lambinus
706 3881 753 3936 ha·
787 3885 839 3940 bua'
849 3885 991 3961 suppetas,
1013 3884 1180 3940 cruciatibus
1193 3905 1282 3946 vaces.
1356 3931 1364 3952 ,

173 3969 184 3980 ”
257 3977 314 4036 bct.
333 4004 374 4048 -γ
398 3971 446 4031 6ι.
463 3971 554 4031 Docte
570 3987 638 4046 pro.
665 3967 753 4028 aedi
787 3969 955 4032 uthabeain,
977 3969 1205 4046 quemcruciem.
1229 3971 1282 4026 Sed

1038 4051 1042 4068 ⁸
1189 4053 1279 4133 igitur
