2750 4756
170 335 279 398 ·w
509 315 1047 436 aaaurar1o'

213 535 216 550 ·
318 513 428 590 Illud
451 531 585 596 autem
608 515 775 590 minime
804 515 1008 591 ambitiose
1037 520 1138 594 mihi
1162 519 1270 596 affir-

231 675 341 726 mare
360 646 468 750 posse
483 649 651 739 videor,
676 676 740 743 me
757 651 800 724 in
822 651 1050 728 accurandis
1068 653 1268 754 posterio-

148 841 152 852 «
229 786 343 874 ribus
376 769 441 860 his
471 787 693 860 carminum
721 786 848 888 ‘libris
879 754 1016 886 paullo
1046 787 1272 870 intentiore

225 918 365 996 'studio
386 917 584 998 versatum
603 918 696 1010 elle,
726 917 939 1021 soecuod
962 923 1195 1024 interpretes
1208 927 1267 1012 in,

230 1057 294 1146 iis,
323 1058 493 1130 maxime
512 1058 557 1131 in
571 1071 657 1134 toto
675 1058 897 1132 carminum
913 1045 1054 1132 babitu
1071 1085 1114 1132 ac
1127 1057 1265 1160 dispo·-

231 1179 375 1268 lilione
405 1207 509 1265 recte
547 1191 655 1292 apud
686 1190 1153 1270 anirnuminformanda
1181 1192 1265 1268 sac·
1344 1243 1347 1248 ·

231 1317 323 1428 pius
338 1328 489 1404 remitti
512 1343 631 1426 atque
654 1355 676 1401 a
697 1353 795 1404 vero
822 1303 1029 1402 deflectere
1052 1327 1263 1430 cognosce-

230 1487 335 1552 rem,
363 1461 444 1538 srve
463 1460 646 1561 ipsorum
661 1465 884 1544 carminum
899 1461 1096 1563 'dignitate
1112 1489 1155 1538 ac
1178 1489 1259 1540 rna·

228 1596 362 1674 iestate
379 1625 427 1676 eo
447 1595 686 1687 adducerer,
717 1601 916 1700 novisque
936 1597 1104 1674 subinde
1121 1597 1259 1674 stimu-

188 1787 191 1798 ·
228 1733 279 1809 lis
307 1715 505 1808 excitarer.
575 1731 976 1810 consummatissimae
1004 1737 1112 1808 enim
1133 1736 1258 1833 plera·

111 1938 113 1946 ,
193 1949 197 1955 ,
229 1894 310 1968 que
336 1869 452 1955 artis,
483 1865 567 1944 five
589 1883 919 1968 argumentorum
943 1871 1029 1942 vim
1057 1895 1099 1943 ac
1124 1881 1258 1942 tracta·

222 2007 404 2096 tionem,
433 2000 512 2078 srva
529 2000 821 2079 excelsissimum
835 2005 994 2105 ingenii
1008 2003 1153 2093 nisum,
1177 2001 1259 2079 sive

175 2184 180 2194 ·
227 2131 510 2235 sententiarum
535 2141 784 2238 gravitatem,
821 2137 901 2214 five
929 2139 1104 2238 denique
1130 2138 1272 2214 enirm.

228 2275 407 2370 badonis
436 2271 585 2374 spectes
617 2276 803 2364 virtutes,
864 2278 1073 2352 Horatiani
1103 2277 1260 2375 ingenii

139 2503 145 2524 Ι
195 2389 198 2397 “
227 2411 476 2486 monimenta
495 2413 540 2484 in
565 2409 629 2484 bis
657 2410 771 2491 libris
793 2413 1011 2501 contineri,
1053 2413 1259 2485 neminem

226 2561 307 2618 tam
325 2545 478 2622 hebetis
495 2543 640 2622 iudicii
655 2542 728 2621 esse
745 2547 935 2636 arbitror,
971 2547 1072 2648 quin
1094 2543 1178 2647 ipse
1200 2543 1260 2618 sa-

228 2681 303 2756 cile
323 2678 474 2756 sentiat.
1028 2767 1033 2778 .

230 2861 235 2870 ·
314 2818 528 2892 Caeterum
551 2841 674 2915 quam
694 2841 840 2894 rerum
859 2815 924 2908 stt,
956 2816 1069 2918 quod
1096 2815 1261 2904 dicitur,

226 2951 311 3028 dies
333 2939 444 3026 diem'
463 2949 602 3041 docet,
632 2953 837 3028 neminem
857 2957 981 3052 magis
1001 2952 1173 3050 experiri
1198 2975 1259 3024 ar·

225 3089 355 3165 bitror
388 3111 509 3186 quam
548 3087 848 3186 interpretem,
870 3111 994 3186 quem
1027 3083 1260 3159 mirandum

206 3201 312 3302 ⁸non
335 3221 410 3311 est,
445 3219 534 3298 stin
551 3223 736 3321 ¹longiori
757 3245 878 3322 opere
907 3244 1214 3318 nonnumquam
1238 3245 1260 3293 a

226 3367 335 3437 rec'to
350 3359 506 3434 tramite
521 3357 694 3444 aberret,
724 3381 768 3430 ac
782 3351 921 3464 sensim
933 3355 990 3430 ¹ad
1003 3355 1097 3430 alias
1120 3379 1259 3430 rerum

226 3497 414 3572 notiones
451 3491 667 3568 delabatur.
735 3497 845 3596 Quae
882 3492 1007 3590 igitur
1041 3488 1260 3564 incidenda

224 3646 295 3707 aut
316 3631 429 3705 aliter
459 3614 733 3704 'constituenda
759 3625 956 3714 iudicavi,
998 3649 1182 3724 quaeque
1206 3624 1258 3700 ad

223 3783 365 3870 poetae
386 3763 609 3841 doctrinam
628 3759 901 3839 illustrandam
925 3777 993 3838 aut
1012 3761 1179 3837 onmino
1205 3759 1263 3862 ad

225 3901 499 3980 liberaliorem
517 3900 884 4002 interpretationem
900 3893 1112 3998 spectantia
1128 3891 1257 3972 serius
1346 3995 1347 4000 Ἰ

200 4039 335 4113 ame
355 4033 624 4114 animadversa
642 4033 754 4125 sunt,
789 4060 834 4109 ea
854 4035 899 4110 in
924 4029 1068 4112 fascem
1091 4031 1259 4108 collecta
1346 4031 1347 4056 ²

1158 4165 1259 4243 ltulc
1345 4195 1346 4212 ¹
