2762 4746
354 245 361 274 r

290 282 371 396 '762
650 310 983 380 euauuuut‘

289 467 372 590 gina
387 502 517 586 reliquit
530 502 626 588 signia
639 504 676 564 vi
696 507 729 568 et
740 500 859 565 effectu
877 499 1074 584 praevalere,
1099 519 1201 582 neruo
1218 498 1326 564 Aine

171 665 175 670 ,
292 601 553 690 rogorum-facite
572 605 737 666 concedet.
790 603 934 666 Habetur
954 605 1044 666 enim
1068 603 1170 666 hocce
1194 604 1326 688 tignum

189 712 197 730 '
290 720 475 770 eo'tantum
491 703 580 767 sensu
600 706 802 787 primarium,
835 706 1032 786 nomineque
1048 704 1162 767 fideria
1185 706 1325 766 natalitii

291 810 478 892 insignitur,
508 819 663 889 quatenus
676 827 715 869 ex
729 807 797 890 ipso
808 809 944 870 invento
959 808 1079 888 reliqua
1095 807 1184 892 signa
1207 807 1324 870 contii·

290 921 423 974 tuantur
437 922 470 972 et
485 911 688 981 ordinentur,
723 908 905 992 ipsumque,
926 921 965 972 ut
978 909 1135 976 firmicus
1153 909 1216 980 uit,
1251 909 1324 970 reii-

291 1014 362 1094 quie
375 1011 459 1092 quasi
473 1012 595 1080 aditum
610 1011 766 1094 praebeat.
821 1011 863 1076 Vi
872 1023 982 1098 ¹autem
996 1024 1091 1092 atque
1105 1007 1226 1092 effectu
1244 1011 1323 1072 etei

291 1109 403 1185 sideri,
429 1115 541 1193 inquo
557 1113 719 1186 medium,
750 1115 855 1196 etei,
883 1114 1000 1196 inquo
1023 1114 1130 1178 imum
1152 1112 1324 1176 inventur

291 1211 440 1296 coelum,
464 1213 718 1296 posthabendum
740 1215 794 1282 est.

367 1419 551 1501 Sequuntur
572 1417 696 1486 versuta
746 1423 788 1484 Te
805 1423 900 1486 Iovia
920 1421 1019 1502 impio
1043 1417 1156 1482 Tutela
1177 1417 1321 1480 Sauone
1356 1426 1357 1450 ¹

292 1507 457 1609 refulgens
469 1523 596 1600 eripuit·
606 1538 685 1588 caet.
729 1520 903 1589 Saturnum
916 1525 1052 1588 omniuo
1069 1523 1230 1591 noxium,
1270 1521 1321 1580 10·
1356 1515 1357 1518 ’

287 1619 372 1696 ‚vem
385 1642 464 1685 vero
484 1621 613 1688 salutare
636 1624 720 1688 sidua
745 1624 989 1704 habiturnetie.
1021 1641 1071 1686 rea
1086 1622 1131 1684 esi
1146 1617 1319 1696 notiffima.

290 1721 381 1786 Fieri
407 1725 504 1810 igitur
527 1729 652 1809 potuit,
684 1741 739 1798 ut,
771 1729 794 1789 sr
819 1728 857 1788 hi
877 1729 1022 1808 planetae
1045 1725 1247 1808 ingenitum
1275 1742 1319 1782 rr·

197 1865 199 1875 ‚
292 1825 434 1889 dictione
456 1827 558 1910 aliqu
580 1827 640 1890 sibi
660 1831 802 1892 invicem
819 1829 1044 1890 invenirentur
1058 1823 1216 1908 oppositi,
1243 1825 1320 1884 aster

290 1925 419 1988 alterius
432 1929 501 1992 vim
517 1928 570 1992 seu
582 1929 762 2013 prosperam
776 1929 829 1992 seu
845 1928 1053 2011 perniciosam
1073 1925 1269 2010 infringeret
1289 1939 1320 1984 et

290 2027 465 2110 mitigaret.
519 2031 559 2092 ln
579 2031 929 2116 Maecenatiagenitura
944 2030 1074 2094 Saturni
1095 2028 1166 2088 vim
1187 2029 1319 2088 nnxtnn

289 2128 327 2192 vi
347 2130 435 2190 loric
458 2127 582 2194 salutari
601 2135 780 2217 mitigatam
802 2131 878 2204 ess'e,
923 2144 1061 2214 apparet.
1113 2129 1187 2190 Hoc
1212 2143 1318 2190 autem

290 2231 379 2312 uarie
393 2231 536 2300 accidere¹
550 2233 667 2314 potest,
696 2237 877 2298 dummodo
891 2235 1014 2315 Iupiter
1026 2232 1063 2297 srt
1076 2231 1109 2292 in
1123 2231 1253 2307 dextro,
1269 2233 1317 2292 Sn-

183 2388 186 2396 .
288 2343 407 2394 turnur
420 2335 574 2396 autemin
592 2333 712 2397 sinistro
727 2335 828 2398 sidere
850 2336 1040 2408 collocatum
1075 2332 1319 2413 quodquidam
1357 2377 1358 2392 ,

290 2433 415 2504 neceffe
431 2435 489 2507 esi,
516 2449 553 2496 ut
565 2438 685 2519 iupiter
705 2439 740 2498 in
761 2436 921 2519 superiore
939 2449 1029 2518 parte
1048 2431 1170 2518 positus
1190 2433 1318 2495 Saturni

286 2535 328 2596 in
344 2533 495 2599 inferiore
511 2538 673 2599 constituti
688 2541 758 2600 viru
776 2541 951 2622 malignam
973 2535 1114 2618 superare
1136 2531 1245 2616 poffit.
1286 2533 1317 2596 Si

289 2637 405 2721 igitur,
431 2639 520 2720 quod
535 2639 711 2702 admodum
725 2639 896 2704 verisimile
917 2639 978 2721 est,
1011 2657 1090 2720 quae
1106 2637 1211 2701 'ruodo
1235 2655 1317 2697 com·

291 2740 486 2800 memoravit
509 2737 610 2803 sidera
631 2743 798 2812 Horatius,
832 2743 976 2812 Libram,
1014 2740 1247 2819 Scorpionem,
1288 2751 1316 2796 et

289 2839 541 2920 Capricornum,
564 2843 599 2903 iu
613 2846 757 2928 genitura
770 2844 962 2906 Maecenatis
975 2842 1141 2923 praecipua
1155 2837 1316 2920 occupasse

286 2957 450 3024 ponamus
465 2943 550 3018 loca,
578 2945 719 3007 cardineo
732 2959 815 3007 certe
831 2945 913 3007 coeli
926 2944 1098 3025 quosdam,
1126 2953 1223 3020 atque
1239 2959 1272 3001 r.
1289 2959 1314 3000 c.

289 3041 336 3101 in·
349 3041 543 3124 Capricorno
565 3044 779 3128 horoscopum
799 3047 1018 3128 concipiamus
1044 3041 1105 3104 esse
1130 3043 1313 3106 inventum.

285 3155 325 3204 et
337 3143 372 3203 in
385 3145 501 3205 eodem
522 3127 611 3228 signo
625 3145 718 3207 simul
731 3149 920 3218 Saturnum,
947 3148 1065 3207 soverrr
1080 3156 1189 3204 autem
1208 3145 1245 3202 in
1267 3145 1314 3202 Li·
1357 3209 1358 3214 η

289 3241 345 3305 bra
361 3245 413 3306 ves
428 3248 463 3306 in
485 3247 677 3330 Scorpione:
701 3267 780 3330 quae
797 3251 836 3311 de
856 3247 1049 3309 Maecenatis
1064 3243 1251 3306 valetudine
1270 3247 1314 3304 vi·

288 3357 401 3426 raeque
416 3345 534 3408 casibus
550 3349 625 3410 aliae
638 3362 715 3410 nota
730 3349 817 3420 sunt,
840 3369 878 3410 ex
893 3349 951 3410 hac
967 3346 1104 3409 siderum
1117 3345 1313 3408 constitutio·

188 3515 195 3524 .
288 3467 331 3506 ne
354 3445 525 3527 secundum
543 3449 726 3534 astrologiae
739 3464 902 3532 praecepta
923 3447 992 3510 satia
1011 3461 1153 3510 accurate
1176 3447 1314 3529 praedici
1357 3431 1358 3444 ¹

262 3593 266 3604 .
289 3547 485 3610 videbimus.
536 3551 624 3612 Tum
639 3555 728 3616 enim
745 3555 779 3614 in
796 3553 888 3616 Libra
906 3550 958 3612 ves
978 3551 1155 3632 Scorpione
1171 3550 1313 3610 medium

287 3651 456 3710 invenitur
478 3635 622 3725 c'oelum,
670 3653 872 3736 Iupiterque‚
909 3663 948 3714 ut
968 3649 1031 3734 ipsa
1057 3651 1155 3712 verba
1186 3651 1312 3712 Firmici

190 3733 195 3748 ‘
292 3755 353 3830 (ex
373 3751 429 3813 lib.
450 3753 502 3813 Vs.
533 3773 599 3836 cap.
631 3753 710 3841 ro.)
736 3758 959 3825 adhibeamus,
1001 3753 1150 3814 dextrum
1171 3731 1311 3834 quadrati

284 3850 371 3914 latua
382 3849 540 3934 poffideno
555 3857 702 3937 quadrata
716 3859 892 3938 radicatione
903 3854 1219 3936 respicitSaturnum,
1236 3856 1313 3914 eius·

283 3972 368 4033 que,
395 3955 429 4014 in
453 3952 572 4018 sinistro
593 3959 735 4038 quadrati
757 3960 853 4021 latere
873 3973 905 4019 et
927 3959 962 4018 in
985 3955 1182 4036 Capricorno
1205 3955 1313 4017 consti·
1357 3979 1358 3990 ι

283 4055 366 4135 tuti,
396 4055 535 4139 ideoque
547 4061 764 4148 aegritudiuee
781 4075 813 4124 et
829 4057 1010 4148 gravissima
1021 4060 1104 4122 vitae
1122 4059 1263 4140 pericula
1283 4068 1313 4115 et
1357 4141 1358 4160 Χ

516 4234 534 4276 .
1210 4159 1310 4220 discri-
1357 4161 1358 4210 Ῠ
